<record xmlns="http://www.loc.gov/MARC21/slim" xmlns:xsi="http://www.w3.org/2001/XMLSchema-instance" xsi:schemaLocation="http://www.loc.gov/MARC21/slim http://www.loc.gov/standards/marcxml/schema/MARC21slim.xsd"><leader>01750nam a2200373   4500</leader><controlfield tag="001">003072691</controlfield><controlfield tag="003">NNU</controlfield><controlfield tag="006">m        d        </controlfield><controlfield tag="007">cr cn |||m|||a</controlfield><controlfield tag="008">150223s1968    iq      o     000 0daraxd</controlfield><datafield ind1=" " ind2=" " tag="040"><subfield code="a">NNU</subfield><subfield code="b">eng</subfield><subfield code="c">NNU</subfield></datafield><datafield ind1="0" ind2=" " tag="050"><subfield code="a">PJ7698.Z3</subfield><subfield code="b">A6 1968</subfield></datafield><datafield ind1="0" ind2=" " tag="100"><subfield code="6">880-01</subfield><subfield code="a">Zayd al-Khayl,</subfield><subfield code="d">7th cent.</subfield></datafield><datafield ind1="1" ind2="0" tag="245"><subfield code="6">880-02</subfield><subfield code="a">Di&#772;wa&#772;n Zayd al-Khayl al-T&#803;a&#772;&#700;i&#772;</subfield><subfield code="h">[electronic resource] /</subfield><subfield code="c">San&#699;at Nu&#772;ri&#772; H&#803;ammu&#772;di&#772; al-Qaysi&#772;.</subfield></datafield><datafield ind1=" " ind2=" " tag="260"><subfield code="6">880-03</subfield><subfield code="a">al-Najaf :</subfield><subfield code="b">Mat&#803;ba&#699;at al-Nu&#699;ma&#772;n,</subfield><subfield code="c">[1968?]</subfield></datafield><datafield ind1=" " ind2=" " tag="300"><subfield code="a">online resource (136 p.)</subfield></datafield><datafield ind1="1" ind2=" " tag="490"><subfield code="6">880-04</subfield><subfield code="a">Dawa&#772;wi&#772;n s&#803;aghi&#772;rah ;</subfield><subfield code="v">2</subfield></datafield><datafield ind1=" " ind2=" " tag="500"><subfield code="a">Part of the Arabic Collections Online (ACO) project, contributed by New York Univeristy Libraries.</subfield></datafield><datafield ind1=" " ind2=" " tag="504"><subfield code="a">Bibliography: p. 129-136.</subfield></datafield><datafield ind1=" " ind2=" " tag="533"><subfield code="a">Electronic reproduction.</subfield><subfield code="b">New York, N.Y. :</subfield><subfield code="c">New York University,</subfield><subfield code="d">2015.</subfield><subfield code="5">NNU</subfield></datafield><datafield ind1="1" ind2=" " tag="700"><subfield code="6">880-05</subfield><subfield code="a">Qaysi&#772;, Nu&#772;ri&#772; H&#803;ammu&#772;di&#772;,</subfield><subfield code="e">ed.</subfield></datafield><datafield ind1="2" ind2=" " tag="710"><subfield code="a">New York University.</subfield><subfield code="b">Libraries.</subfield></datafield><datafield ind1="0" ind2=" " tag="730"><subfield code="a">Arabic Collections Online.</subfield></datafield><datafield ind1="0" ind2="8" tag="776"><subfield code="i">Print version:</subfield><subfield code="a">Zayd al-Khayl, 7th cent. 880-01</subfield><subfield code="t">Di&#772;wa&#772;n Zayd al-Khayl al-T&#803;a&#772;&#700;i&#772;</subfield><subfield code="w">(NNU)003072691</subfield><subfield code="w">(DLC)   72297475</subfield></datafield><datafield ind1="4" ind2="0" tag="856"><subfield code="u">http://hdl.handle.net/2333.1/j9kd53pw</subfield></datafield><datafield ind1="0" ind2=" " tag="880"><subfield code="6">100-01/</subfield><subfield code="a">&#1586;&#1610;&#1583; &#1575;&#1604;&#1582;&#1610;&#1604;.</subfield></datafield><datafield ind1="1" ind2="0" tag="880"><subfield code="6">245-02/</subfield><subfield code="a">&#1583;&#1610;&#1608;&#1575;&#1606; &#1586;&#1610;&#1583; &#1575;&#1604;&#1582;&#1610;&#1604; &#1575;&#1604;&#1591;&#1575;&#1574;&#1610; /</subfield><subfield code="c">&#1589;&#1606;&#1593;&#1577; &#1606;&#1608;&#1585;&#1610; &#1581;&#1605;&#1608;&#1583;&#1610; &#1575;&#1604;&#1602;&#1610;&#1587;&#1610;.</subfield></datafield><datafield ind1=" " ind2=" " tag="880"><subfield code="6">260-03/</subfield><subfield code="a">&#1575;&#1604;&#1606;&#1580;&#1601; :</subfield><subfield code="b">&#1605;&#1591;&#1576;&#1593;&#1577; &#1575;&#1604;&#1606;&#1593;&#1605;&#1575;&#1606;&#1548;</subfield><subfield code="c">[&#1633;&#1641;&#1638;&#1640;&#1567;]</subfield></datafield><datafield ind1="1" ind2=" " tag="880"><subfield code="6">490-04/</subfield><subfield code="a">&#1583;&#1608;&#1575;&#1608;&#1610;&#1606; &#1589;&#1594;&#1610;&#1585;&#1577; &#1563;</subfield><subfield code="v">&#1634;</subfield></datafield><datafield ind1="1" ind2=" " tag="880"><subfield code="6">700-05/</subfield><subfield code="a">&#1602;&#1610;&#1587;&#1610;&#1548; &#1606;&#1608;&#1585;&#1610; &#1581;&#1605;&#1608;&#1583;&#1610;.</subfield></datafield><datafield ind1=" " ind2="0" tag="830"><subfield code="6">880-06</subfield><subfield code="a">Dawa&#772;wi&#772;n s&#803;aghi&#772;rah ;</subfield><subfield code="v">2.</subfield></datafield><datafield ind1=" " ind2="0" tag="880"><subfield code="6">830-06/</subfield><subfield code="a">&#1583;&#1608;&#1575;&#1608;&#1610;&#1606; &#1589;&#1594;&#1610;&#1585;&#1577; &#1563;</subfield><subfield code="v">&#1634;.</subfield></datafield><datafield ind1=" " ind2=" " tag="959"><subfield code="a">NNU</subfield><subfield code="b">WEB</subfield><subfield code="c">GENI</subfield><subfield code="t">0</subfield><subfield code="m">Electronic access</subfield><subfield code="s">01</subfield></datafield><datafield ind1=" " ind2=" " tag="999"><subfield code="i">NNU_003072691</subfield><subfield code="s">nyu_aco000096</subfield></datafield></record>